@ARTICLE{Margolis1990,
author = {Margolis, L. and Esch, G. W. and Kuris, A.M. and Schad, G.A.},
doi = {10.2307/3281335},
file = {:Users/brett.johnson/Documents/Research Papers/Anon - 1990 - PM part production. The Hitachi way.pdf:pdf},
issn = {00223395},
journal = {The Journal of Parisitology},
number = {1},
pages = {131--133},
title = {{The Use of Ecological Terms in Parasitology (Report of an Ad Hoc Committee of the American Society of Parasitologists)}},
volume = {68},
year = {1990}
}
